@ARTICLE{johnstone2000,
   author = {{Johnstone}, D. and {Wilson}, C.~D. and {Moriarty-Schieven}, G. and 
	{Giannakopoulou-Creighton}, J. and {Gregersen}, E.},
    title = "{Large-Area Mapping at 850 Microns. I. Optimum Image Reconstruction from Chop Measurements}",
  journal = {\apjs},
 keywords = {Infrared: ISM: Continuum, ISM: Structure, Methods: Data Analysis, Submillimeter},
     year = 2000,
    month = dec,
   volume = 131,
    pages = {505-518},
      doi = {10.1086/317379},
   adsurl = {http://adsabs.harvard.edu/abs/2000ApJS..131..505J},
  adsnote = {Provided by the SAO/NASA Astrophysics Data System}
}

@INPROCEEDINGS{holland2006,
   author = {{Holland}, W. and {MacIntosh}, M. and {Fairley}, A. and {Kelly}, D. and 
	{Montgomery}, D. and {Gostick}, D. and {Atad-Ettedgui}, E. and 
	{Ellis}, M. and {Robson}, I. and {Hollister}, M. and {Woodcraft}, A. and 
	{Ade}, P. and {Walker}, I. and {Irwin}, K. and {Hilton}, G.},
    title = "{SCUBA-2: a 10,000-pixel submillimeter camera for the James Clerk Maxwell Telescope}",
booktitle = {Society of Photo-Optical Instrumentation Engineers (SPIE) Conference Series},
     year = 2006,
   series = {Society of Photo-Optical Instrumentation Engineers (SPIE) Conference Series},
   volume = 6275,
   eprint = {arXiv:astro-ph/0606338},
    month = jul,
      doi = {10.1117/12.671186},
   adsurl = {http://adsabs.harvard.edu/abs/2006SPIE.6275E..45H},
  adsnote = {Provided by the SAO/NASA Astrophysics Data System}
}

@INPROCEEDINGS{kovacs2008,
   author = {{Kov{\'a}cs}, A.},
    title = "{CRUSH: fast and scalable data reduction for imaging arrays}",
booktitle = {Society of Photo-Optical Instrumentation Engineers (SPIE) Conference Series},
     year = 2008,
   series = {Society of Photo-Optical Instrumentation Engineers (SPIE) Conference Series},
   volume = 7020,
archivePrefix = "arXiv",
   eprint = {0805.3928},
    month = aug,
      doi = {10.1117/12.790276},
   adsurl = {http://adsabs.harvard.edu/abs/2008SPIE.7020E..45K},
  adsnote = {Provided by the SAO/NASA Astrophysics Data System}
}

@ARTICLE{laurent2005,
   author = {{Laurent}, G.~T. and {Aguirre}, J.~E. and {Glenn}, J. and {Ade}, P.~A.~R. and 
	{Bock}, J.~J. and {Edgington}, S.~F. and {Goldin}, A. and {Golwala}, S.~R. and 
	{Haig}, D. and {Lange}, A.~E. and {Maloney}, P.~R. and {Mauskopf}, P.~D. and 
	{Nguyen}, H. and {Rossinot}, P. and {Sayers}, J. and {Stover}, P.
	},
    title = "{The Bolocam Lockman Hole Millimeter-Wave Galaxy Survey: Galaxy Candidates and Number Counts}",
  journal = {\apj},
   eprint = {arXiv:astro-ph/0503249},
 keywords = {Galaxies: High-Redshift, Galaxies: Starburst, Submillimeter},
     year = 2005,
    month = apr,
   volume = 623,
    pages = {742-762},
      doi = {10.1086/428823},
   adsurl = {http://adsabs.harvard.edu/abs/2005ApJ...623..742L},
  adsnote = {Provided by the SAO/NASA Astrophysics Data System}
}

@ARTICLE{patanchon2008,
   author = {{Patanchon}, G. and {Ade}, P.~A.~R. and {Bock}, J.~J. and {Chapin}, E.~L. and 
	{Devlin}, M.~J. and {Dicker}, S. and {Griffin}, M. and {Gundersen}, J.~O. and 
	{Halpern}, M. and {Hargrave}, P.~C. and {Hughes}, D.~H. and 
	{Klein}, J. and {Marsden}, G. and {Martin}, P.~G. and {Mauskopf}, P.},
    title = "{SANEPIC: A Mapmaking Method for Time Stream Data from Large Arrays}",
  journal = {\apj},
archivePrefix = "arXiv",
   eprint = {0711.3462},
 keywords = {Balloons, Methods: Data Analysis, Submillimeter, Techniques: Image Processing},
     year = 2008,
    month = jul,
   volume = 681,
    pages = {708-725},
      doi = {10.1086/588543},
   adsurl = {http://adsabs.harvard.edu/abs/2008ApJ...681..708P},
  adsnote = {Provided by the SAO/NASA Astrophysics Data System}
}

@ARTICLE{scott2008,
   author = {{Scott}, K.~S. and {Austermann}, J.~E. and {Perera}, T.~A. and 
	{Wilson}, G.~W. and {Aretxaga}, I. and {Bock}, J.~J. and {Hughes}, D.~H. and 
	{Kang}, Y. and {Kim}, S. and {Mauskopf}, P.~D. and {Sanders}, D.~B. and 
	{Scoville}, N. and {Yun}, M.~S.},
    title = "{AzTEC millimetre survey of the COSMOS field - I. Data reduction and source catalogue}",
  journal = {\mnras},
archivePrefix = "arXiv",
   eprint = {0801.2779},
 keywords = {galaxies: high-redshift , galaxies: starburst , submillimetre},
     year = 2008,
    month = apr,
   volume = 385,
    pages = {2225-2238},
      doi = {10.1111/j.1365-2966.2008.12989.x},
   adsurl = {http://adsabs.harvard.edu/abs/2008MNRAS.385.2225S},
  adsnote = {Provided by the SAO/NASA Astrophysics Data System}
}


@ARTICLE{wiebe2009,
   author = {{Wiebe}, D.~V. and {Ade}, P.~A.~R. and {Bock}, J.~J. and {Chapin}, E.~L. and 
	{Devlin}, M.~J. and {Dicker}, S. and {Griffin}, M. and {Gundersen}, J.~O. and 
	{Halpern}, M. and {Hargrave}, P.~C. and {Hughes}, D.~H. and 
	{Klein}, J. and {Marsden}, G. and {Martin}, P.~G. and {Mauskopf}, P.},
    title = "{BLAST Observations of Resolved Galaxies: Temperature Profiles and the Effect of Active Galactic Nuclei on FIR to Submillimeter Emission}",
  journal = {\apj},
archivePrefix = "arXiv",
   eprint = {0907.4154},
 primaryClass = "astro-ph.GA",
 keywords = {balloons, galaxies: photometry, submillimeter, telescopes},
     year = 2009,
    month = dec,
   volume = 707,
    pages = {1809-1823},
      doi = {10.1088/0004-637X/707/2/1809},
   adsurl = {http://adsabs.harvard.edu/abs/2009ApJ...707.1809W},
  adsnote = {Provided by the SAO/NASA Astrophysics Data System}
}


@ARTICLE{wright1996,
   author = {{Wright}, E.~L. and {Hinshaw}, G. and {Bennett}, C.~L.},
    title = "{Producing Megapixel Cosmic Microwave Background from Differential Radiometer Data}",
  journal = {\apjl},
   eprint = {arXiv:astro-ph/9510102},
 keywords = {COSMOLOGY: COSMIC MICROWAVE BACKGROUND, METHODS: DATA ANALYSIS},
     year = 1996,
    month = feb,
   volume = 458,
    pages = {L53+},
      doi = {10.1086/309927},
   adsurl = {http://adsabs.harvard.edu/abs/1996ApJ...458L..53W},
  adsnote = {Provided by the SAO/NASA Astrophysics Data System}
}
